@Article{burton_design_2006,
  title = {The Design of Simulation Studies in Medical Statistics},
  author = {Andrea Burton and Douglas G. Altman and Patrick Royston and Roger L. Holder},
  year = {2006},
  month = {dec},
  volume = {25},
  pages = {4279--4292},
  issn = {02776715, 10970258},
  doi = {10.1002/sim.2673},
  file = {C\:\\Users\\Anna\\Dropbox\\anna\\projects\\zotero\\Burton et al. - 2006 - The design of simulation studies in medical statis.pdf},
  journal = {Statistics in Medicine},
  language = {en},
  number = {24},
}

@article{rougier2017sustainable,
  title={Sustainable computational science: the ReScience initiative},
  author={Rougier, Nicolas P and Hinsen, Konrad and Alexandre, Fr{\'e}d{\'e}ric and Arildsen, Thomas and Barba, Lorena A and Benureau, Fabien CY and Brown, C Titus and De Buyl, Pierre and Caglayan, Ozan and Davison, Andrew P and others},
  journal={PeerJ Computer Science},
  volume={3},
  pages={e142},
  year={2017},
  publisher={PeerJ Inc.}
}

@article{brookhart2006variable,
  title={Variable selection for propensity score models},
  author={Brookhart, M Alan and Schneeweiss, Sebastian and Rothman, Kenneth J and Glynn, Robert J and Avorn, Jerry and St{\"u}rmer, Til},
  journal={American journal of epidemiology},
  volume={163},
  number={12},
  pages={1149--1156},
  year={2006},
  publisher={Oxford University Press}
}

@article{perperoglou2019review,
  title={A review of spline function procedures in R},
  author={Perperoglou, Aris and Sauerbrei, Willi and Abrahamowicz, Michal and Schmid, Matthias},
  journal={BMC medical research methodology},
  volume={19},
  number={1},
  pages={46},
  year={2019},
  publisher={Springer}
}